%-*-Mode: BiBTex:-*-
@article{hrp2:lavalle:ieee1999,
  author =      "S.M.Lavalle and J.J.Kuffner",
  title  =      "Randomized Kinodynamic Planning",
  journal =     "Proceedings of the 1999 IEEE/RSJ International Conference on Robotics \& Automation",
  year = 	1999,
  pages =       "473-479",
  volume =      "",
  number =      "",
}

@InProceedings{REMOTEBRAIN,
   author =    "Masayuki Inaba",
   title =     "Remote-brained humanoid project",
   booktitle = "Advanced Robotics",
   pages =     "11(6):605--620",
   year =      1997,
}

@article{H7,
  author =      "Satoshi Kagami and Koichi Nishiwaki and James J. Kuffner Jr. an
d Yasuo Kuniyoshi
and Masayuki Inaba and Hirochika Inoue",
  title  =      "Online 3D Vision ,Motion Planning and Bipedal Locomotion Contro
l Coupling System of Humanoid Roboto:H7",
  journal =     "Proceedings of the 2002 IEEE/RSJ International Conference on In
telligent Robots and Systems",
  pages =       "2557-2562",
  year =        2002
}

@misc{ASIMO,
author = "Yoshiaki Sakagami and Ryujin Watanabe and Chiaki Aoyama and Shinichi Matsunaga and Nobuo Higaki and Kikuo Fujimura",
title = "{The Intelligent ASIMO:System overview and integration}",
booktitle = "IEEE/RSJ International Conference on Intelligent Robots nad Systems(IROS'02), 2478--2483",
year = {2002}
}

@misc{HRP2,
author = {H. Hirukawa and F. Kanehiro and K. Kaneko and S. Kajita and K.
Fujiwa\
ra and Y. Kawai and F. Tomita and S. Hirai and K. Tanie and T. Isozumi and K.
Ake\
chi and T. Kawasaki and S. Ota and K. Yokoyama and H. Honda and Y. Fukase and J.
\
Maeda and Y. Nakamura and S. Tachi and H. Inoue},
title  = "{Humanoid Robotics Platforms developed in HRP}",
booktitle = "Proceedings of the 2003 IEEE-RAS International Conference on
Human\
oid Robots (Humanoids 2003)",
year   = 2003,
}

@InProceedings{QRIO,
  author =      "Masahiro Fujita and Yoshihiro Kuroki and Tatsuzo Ishida and Toshi T. Doi",
  title =       "{Autonomous Behavior Control Architecture of Entertainment Humanoid Robot SDR-4X}",
  booktitle =   "IEEE/RSJ International Conference on Intelligent Robots nad Systems(IROS'03)",
  pages =       "960--967",
  year =        2003,
  month =       October
}

@misc{QRIO2,
title = "{二足歩行ロボットによるステレオ画像を用いた障害物回避と歩行計画．}",
author = "佐部浩太郎 and 大橋武志 and 河本献太 and ステフェングッドマン and 福池正樹 and 芦ヶ原隆之.",
publisher = "{第九回画像センシングシンポジウム}",
year = {2003},
}

@misc{SINRIGAKU,
author = "竹村和久",
title = "{意思決定の心理−その過程の探求−}",
howpublished = {福村出版刊},
year = {1996}
}

@misc{PREDICT_BALL,
author = "青木雅幸 and 對馬一憲",
title = "{移動障害物の軌道の変化を考慮した移動障害物の位置の予測．}",
howpublished = {ロボティクス・メカトロニクス講演会，1A1-B3(1)},
year = {2001}
}

@misc{KIDOUKEIKAKU,
author = "樋山義久 and 張雅鈞 and 山本佳男",
title = "{動的・静的障害物の存在する環境下における移動ロボットの軌道計画とデッドロック回避．}",
howpublished = {第21回ロボティクス・メカトロニクス学会学術講演会，2122},
year = {2003}
}

@misc{SIKAKUTUIJUU,
author = "遠藤公誉 and 田中弘一 and 荒川賢一 and 武川直樹",
title = "{予見制御による視覚起動追従制御法}",
howpublished = {日本ロボット学会誌},
year = {2001}
}

@misc{TABLE_TENNIS,
author = "宮崎文男 and 竹内将洋 and 松嶋道也 and 草野貴充 and 橋本尚明",
title = "{卓球タスクにおける仮想ターゲットの予測と実現方法．}",
howpublished = {ロボット学会誌, Vol.21 No.1, pp.81~86},
year = {2003}
}

@misc{AFFORDANCE,
author = "田川聖治 and 川口俊介 and 井上克巳 and 羽根田博正",
title = "{遺伝的アルゴリズムとアフォーダンスを用いた知能ロボットの創発．}",
howpublished = {ロボット学会誌, Vol.17 No.7, pp.1023~1030, 神戸大学},
year = {1999}
}


@misc{HRP2ZMP2,
author = "梶田秀司 and 金広文男 and 比留川博久",
title = "{予見制御を用いたZMP補正用動力学フィルタ}",
howpublished = {第21回日本ロボット学会学術講演会,産業技術総合研究所},
year = {2002}
}

@misc{NETWORK,
author = "小菅一弘",
title = "{ネットワークを介した環境予測型遠隔操作システム}",
howpublished = {日本ロボット学会誌 Vol.17 No.4 pp473~476，東北大学},
year = {1999}
}

@misc{CATCH_MOUSE,
author = "奥村正彦 and 宝木道郎 and 高野雅晴 and 井上健司",
title = "{運動物体補足における予測制御に関する研究．}",
howpublished = {ロボット学会誌, Vol.11 No.5, pp.726~736},
year = {1993}
}

@misc{VISION_BALL,
author = "風間英樹 and 張山昌論 and 亀山充隆",
title = "{運動物体軌道予測用ロボットビジョンVLSIプロセッサとその応用．}",
howpublished = {ロボティクス・メカトロニクス講演会，2P2-49-051(1)},
year = {2000}
}

@misc{KOURYUU,
author = "森島昭男 and 広瀬茂男",
title = "{節体幹型移動ロボット「蚊龍」の研究（予測的制御の導入と実験）}",
howpublished = {日本ロボット学会誌 Vol10 No.6 pp790~795},
year = {1992}
}

@misc{KINODYNAMIC,
author = "David Hsu and Robert Kindel and Jean-Claude Latombe and Stephen Rock",
title = "{Randomized Kinodynamic Motion Planning.}",
howpublished = {The Fourth International Workshop on the Algorithmic Foundations of Robotics, pages 247-264},
year = {2000}
}

@misc{BROOKS,
author = "R.A.Brooks",
title = "{A robust layered control system for a mobile robot.}",
howpublished = {IEEE J. of Robotics and Automation,pages 14-23},
year = {1986}
}

@misc{ROBOVIE,
author = "H.Ishigura and T.Kanda and K.Kimoto and T.Ishida.",
title =  "{A Robot Architecture Based on Situated Modules.}",
howpublished = {IEEE/RSJ International Conference on Intelligent Robots and Systems(IROS'99),pages 1617-1623},
year = {1999}
}

@misc{HMM,
author = "稲邑哲也 and 谷江博昭 and 中村仁彦.",
title =  "{運動パターンの認識/生成の単一モデルとそれにもとづく離散的階層化による行動知能の集積.}",
howpublished = {The 17th Annual Conference of the japanese Society for Artificial Intelligence},
year = {2003}
}

@misc{AIBO,
author = "藤田 雅博 and 景山 浩二 and 大槻 正 and 天貝 佐登史 and 土井 利忠.",
title = "エンターテインメントロボット AIBO の開発",
howpublished = "日本ロボット学会誌 Vol.21 No.1,pages 55-56",
year = {2003},
}

@misc{STATENET1,
author = "金広文男 and 稲葉雅幸 and 井上博允.",
title = "{StateNet:障害回復機能を内蔵する行動空間の状態遷移図表現．}",
howpublished = {日本ロボット学会誌，20(8):835-843},
year = {1998}
}
@misc{STATENET2,
author = "金広文男.",
title = "{人間型前進行動ロボットシステムの発展的構成法．}",
howpublished = {PhD thesis, 東京大学},
year = {1998}
}

@misc{HRP2ZMP,
author = "梶田秀司 and 金広文男 and 比留川博久",
title = "{予見制御理論を応用した2足歩行パターン生成．}",
howpublished = {日本ロボット学会　創立20周年記念学術講演会,産業技術総合研究所},
year = {2002}
}

@misc{KYOUZON,
author = "井上博允  and 比留川博久",
title = "{人間協調・共存型ロボットシステム．}",
howpublished = {日本ロボット学会誌，18(8):35-38},
year = {2000}
}

@misc{Planning1,
author = "比留川博久",
title = "{経路探索問題−ロボットの動作計画−．}",
howpublished = {情報処理, Vol.35 No.8, pages 751-760},
year = {1994}
}

@misc{Planning2,
author = "Latombe, J.C.",
title = "{Robot Motion Planning．}",
howpublished = {Kluwer Academic Publishers},
year = {1991}
}

@misc{NISHIWAKI_H7DRON,
author = "西脇光一",
title = "{人間型ロボットの歩行システム構築と動作のオンライン生成制御}",
howpublished = {博士論文，東京大学},
year = {2001}
}

@inproceedings{INOUEKENJI_MOBILE_MANIPULATION,
author = "井上健司 and 吉田晴行 and 新井健生 and 前泰志",
title = "{手先の遠隔操作によるヒューマノイドの作業移動}",
journal = {第5回ロボティクスシンポジア},
year = {2000},
month = {3},
pages = {333--338}
}
%22A4
%2000/3/26,27

@inproceedings{NISHIWAKI_ONLINE_GENERATION,
author = "Koichi Nishiwaki, Satoshi Kagami, Yasuo Kuniyoshi, Masayuki Inaba, and Hirochika Inoue",
title = "{Online Generation of Humanoid Walking Motion based on a Fast Generation Method of Motion Pattern that Follows Desired ZMP}",
journal = {Proceedings of the 2002 IEEE/RSJ Intl. Conference on Intelligent Robots and Systems},
year = {2002},
month = {10},
pages = {2684--2689}
}

@inproceedings{NAITOTAKASHI_MOBILE_ARM,
author = "内藤貴志 and 林知三夫 and 鋤柄和俊 and 野村秀樹",
title = "{ビジュアルサーボを用いたモービルアーム走行中での実部品把持}",
journal = {日本ロボット学会創立20周年記念学術講演会},
year = {2002},
month = {10},
pages = {3M36}
}
%2002/10/12-14

@inproceedings{FUKUMOTO_REACHING_STRATEGY,
author = "福本康隆 and 西脇光一 and 稲葉雅幸 and 井上博允",
title = "{ヒューマノイドロボットの歩行中におけるリーチング戦略}",
journal = {第21回日本ロボット学会学術講演会},
year = {2003},
month = {9},
pages = {2A17}
}
%2003/9/20-22

@article{INOUEKENJI_REALTIME_CONTROL,
author = "井上健司 and 石井晃弘 and 大川善邦",
title = "{腕で作業をしながら移動する人間型ロボットの実時間制御(Sagittal Plane内の運動の制御)}",
journal = {日本ロボット学会誌},
volume = {18},
number = {1},
year = {2000},
pages = {75--86},
}
%2000/1

@article{hrp2:yamane:rsj2002,
  author =      "山根 克 and 中村 仁彦",
  title  =      "ヒューマンフィギュアの全身運動生成のための協応構造化インターフェース",
  journal =     "日本ロボット学会誌",
  pages =       "113-121",
  volume =      20,
  number =      8,
}

@InProceedings{MCS:Kuroki:IROS03,
  author = {Y. Kuroki and B. Blank and T. Mikami and P. Mayeux and A. Miyamoto and R. Playter and K. Nagasaka and M. Raibert and M. Nagano and J. Yamaguchi},
  title  = 	 "{Motion Creating System for A Small Biped Entertainment Robot}",
  booktitle = 	"Proceedings of the 2003 IEEE/RSJ International Conference on Intelligent Robots and Systems (IROS'03)",
  year   =	 2003,
  pages  =	 {1394--1399}
}

@InProceedings{MobileManipulation:Inoue:ICRA02,
  author = {K. Inoue and Y. Nishihama and T. Arai and Y. Mae},
  title  = {Mobile Manipulation of Humaonid Robots -- Body and Leg Control for dual Arm Manipulation -- },
  booktitle = "Proceedings of the 2002 IEEE International Conference on Robotics and Automation (ICRA '02)",
  year   = 2002,
  pages  = {2259--2264}
}

@Misc{OPENGL,
  title =	 {{OpenGL - The Industry's Foundation for High Performance Graphics.}},
  note =	 {\url{http://www.opengl.org/}}
}
@Misc{OPENAL,
  title =	 {{Home - OpenAL}},
  note =	 {\url{http://www.openal.org/}}
}
